@misc {lfitesting,
  howpublished = "\url{https://www.aptive.co.uk/blog/local-file-inclusion-Lfi-testing/}"
}

@misc {hdivsecurityowasp,
  howpublished = "\url{https://hdivsecurity.com/owasp-broken-access-control/}"
}

@misc {avataobac,
  howpublished = "\url{https://avatao.com/blog-broken-access-control/}"
}

@misc {owasptop10,
  howpublished = "\url{https://owasp.org/Top10/}"
}

@misc {w3schoolshttpmethods,
  howpublished = "\url{https://www.w3schools.com/tags/ref_httpmethods.asp/}"
}

@misc {mozillamethods,
  howpublished = "\url{https://developer.mozilla.org/pt-BR/docs/Web/HTTP/Methods/}"
}

@misc {neuralegionlfi,
  howpublished = "\url{https://www.neuralegion.com/blog/local-file-inclusion-lfi/}"
}

@misc {acunetixsql,
  howpublished = "\url{https://www.acunetix.com/websitesecurity/sql-injection/}"
}

@misc {devfuriamethods,
  howpublished = "\url{http://devfuria.com.br/php/como-funcionam-os-metodos-get-e-post/}"
}

@misc {githubwellingtonlee,
  howpublished = "\url{https://gist.github.com/wellingtonlee/32cd99a7f6202ec8c01279cb90c0c09e/}"
}

@misc {githubwelllingtonlee2,
  howpublished = "\url{https://gist.github.com/wellingtonlee/694f892fe08f2c96f5e56de8475af0a5/}"
}

@misc {neuralegion,
  howpublished = "\url{https://www.neuralegion.com/blog/sql-injection-attack/}"
}

@misc {phpmanual,
  howpublished = "\url{https://www.php.net/manual/en/mysqli.real-escape-string.php/}"
}

@misc {sqlmapproject,
  howpublished = "\url{https://github.com/sqlmapproject/sqlmap/}"
}

@misc {mysqliphp,
  howpublished = "\url{https://www.php.net/manual/en/mysqli.real-escape-string.php/}"
}

@misc {cscxss,
  howpublished = "\url{https://www.welivesecurity.com/br/2018/12/27/cross-site-scripting-xss-entenda-o-que-e-e-saiba-como-estar-protegido/}"
}

@misc {cia-nasa,
  howpublished = "\url{https://visao.sapo.pt/exameinformatica/noticias-ei/internet/2013-09-10-hackers-portugueses-atacaram-cia-nsa-fbi-e-departamento-de-estado-dos-eua/}"
}

@misc {cross-site-scripting,
  howpublished = "\url{https://www.blockbit.com/pt/blog/o-que-e-o-cross-site-scripting-xss/}"
}

@misc {phpmanual,
  howpublished = "\url{https://www.php.net/manual/en/function.htmlspecialchars.php/}"
}

@misc {phpmanual,
  howpublished = "\url{https://www.php.net/manual/en/function.htmlspecialchars.php/}"
}

@misc {owaspcommandinjection,
  howpublished = "\url{https://owasp.org/www-community/attacks/Command_Injection/}"
}

@misc {owaspcommandinjection,
  howpublished = "\url{https://owasp.org/www-community/attacks/Command_Injection/}"
}

@misc {owaspcommandinjection,
  howpublished = "\url{https://www.whitehatsec.com/glossary/content/os-command-injection/}"
}

@misc {portswiggercommandinjection,
  howpublished = "\url{https://portswigger.net/web-security/os-command-injection/}"
}

@misc {impervaaplication-security,
  howpublished = "\url{https://www.imperva.com/learn/application-security/command-injection/}"
}

@misc {acunetixcodeinjection,
  howpublished = "\url{https://www.acunetix.com/blog/articles/code-injection/}"
}

@misc {acunetixcodeinjection,
  howpublished = "\url{https://www.acunetix.com/blog/articles/code-injection/}"
}

@misc {acunetixcodeinjection,
  howpublished = "\url{https://www.php.net/manual/en/function.system.php/}"
}
@misc {arjumgit,
  howpublished = "\url{https://github.com/s0md3v/Arjun/}"
}
